@article{sony2017,
  author       = {Tsutomu Haruta, Tsutomu Nakajima, Jun Hashizume},
  publisher    = {IEEE},
  year         = {2017},
  journaltitle = {2017 IEEE International Solid-State Circuits Conference (ISSCC)},
  pages        = {47-49},
  title        = {4.6 A 1/2.3inch 20Mpixel 3-layer stacked CMOS Image Sensor with DRAM},
}

@article{cnn1998,
  author       = {Y. LeCun; L. Bottou; Y. Bengio; P. Haffner},
  publisher    = {IEEE},
  year         = {1998},
  pages        = {2278– 2324},
  title        = {Gradient-Based Learning Applied to Document Recognition},
  volume       = {86},
}


@article{dl2015,
  author       = {Yann L., Yoshua B., Geoffrey H.},
  year         = {2015},
  journaltitle = {Nature},
  pages        = {436},
  title        = {Deep Learning},
}

@book{NN1998,
  author    = {S. Haykin},
  location  = {NJ, US},
  publisher = {Prentice Hall PTR},
  year      = {1998},
  title     = {Neural Networks: A Comprehensive Foundation},
  edition   = {2nd},
}

@article{alexnet2012,
  author       = {Krizhevsky A, Sutskever I, Hinton G E},
  year         = {2012},
  publisher    = {NIPS},
  journaltitle = {Advances in neural information processing systems},
  pages        = {1097-1105},
  title        = {ImageNet Classification with Deep Convolutional Neural Networks},
}

@article{resnet2015,
  author       = {He K, Zhang X, Ren S},
  year         = {2016},
  publisher    = {IEEE conference},
  journaltitle = {computer vision and pattern recognition},
  pages        = {770-778},
  title        = {Deep Residual Learning for Image Recognition},
}

@inproceedings{Heemskerk1995OverviewON,
  title         = {Overview of neural hardware},
  author        = {J. N. H. Heemskerk},
  year          = {1995}
}

@inproceedings{Yann2019DeepLH,
  title           = {Deep Learning Hardware: Past, Present, and Future},
  author          = {L. Yann},
  booktitle       = {ISSCC 2019},
  pages           = {13-19},
  year            = {2019}
}

@book{tinyml2019,
  author    = {Pete Warden, Daniel Situnayake},
  publisher = {O’Reilly},
  year      = {2019},
  pages     = {112-125},
  title     = {TinyML: Machine Learning with TensorFlow Lite on Arduino and Ultra-Low-Power Microcontrollers},
}

@article{2020Near,
  title={Near-sensor and in-sensor computing},
  author={ Zhou, F.  and  Chai, Y. },
  journal={Nature Electronics},
  volume={3},
  number={11},
  pages={664-671},
  year={2020},
}
@article{2016Cambricon,
  title={Cambricon: An Instruction Set Architecture for Neural Networks},
  author={ Liu, S.  and  Du, Z.  and  Tao, J.  and  Dong, H.  and  Tao, L.  and  Yuan, X.  and  Chen, Y.  and  Chen, T. },
  journal={Computer architecture news},
  volume={44},
  number={3},
  pages={393-405},
  year={2016},
}
@article{2014DianNao,
  title={DianNao: a small-footprint high-throughput accelerator for ubiquitous machine-learning},
  author={ Chen, T.  and  Du, Z.  and  Sun, N.  and  Wang, J.  and  Wu, C.  and  Chen, Y.  and  Temam, O. },
  journal={Acm Sigplan Notices},
  volume={49},
  number={4},
  pages={269-284},
  year={2014},
}
@article{2017In,
  title={In-Datacenter Performance Analysis of a Tensor Processing Unit},
  author={ Jouppi, N. P.  and  Young, C.  and  Patil, N.  and  Patterson, D.  and  Al, Gaurav Agrawal Et },
  journal={Computer architecture news},
  volume={45},
  number={2},
  pages={1-12},
  year={2017},
}
@inproceedings{2015ShiDianNao,
  title={ShiDianNao: shifting vision processing closer to the sensor},
  author={ Du, Z.  and  Fasthuber, R.  and  Chen, T.  and  Ienne, P.  and  Temam, O. },
  booktitle={ISCA '15 Proceedings of the 42nd Annual International Symposium on Computer Architecture},
  year={2015},
}
@article{2017Efficient,
  title={Efficient Processing of Deep Neural Networks: A Tutorial and Survey},
  author={ Sze, V.  and  Chen, Y. H.  and  Yang, T. J.  and  Emer, J. S. },
  journal={Proceedings of the IEEE},
  volume={105},
  number={12},
  year={2017},
}
@article{2015DaDianNao,
  title={DaDianNao: A Machine-Learning Supercomputer},
  author={ Chen, Y.  and  Tao, L.  and  Liu, S.  and  Zhang, S.  and  Temam, O. },
  journal={IEEE},
  year={2015},
}
@article{2018The,
  title={The N3XT Approach to Energy-Efficient Abundant-Data Computing},
  author={ Aly, Mms  and  Wu, T. F.  and  Bartolo, A.  and  Malviya, Y. H.  and  Hwang, W.  and  Hills, G.  and  Markov, I.  and  Wootters, M.  and  Shulaker, M. M.  and  Wong, Hsp },
  journal={Proceedings of the IEEE},
  volume={107},
  number={1},
  pages={19-48},
  year={2018},
}
@inproceedings{2012Hybrid,
  title={Hybrid memory cube new DRAM architecture increases density and performance},
  author={ Jeddeloh, J.  and  Keeth, B. },
  pages={87-88},
  year={2012},
}
@article{2001Embedded,
  title={Embedded DRAM development: Technology, physical design, and application issues},
  author={ Keitel-Schulz, D.  and  Wehn, N. },
  journal={IEEE Design and Test of Computers},
  volume={18},
  number={3},
  pages={7-15},
  year={2001},
}
@article{HBMDRAM, 
author={}, 
journal={JEDEC}, 
title={High Bandwidth Memory (HBM) DRAM}, 
year={2015}, 
volume={}, 
doi={JESD235A-2015}, 
}
@article{2019QUEST,
  title={QUEST: Multi-Purpose Log-Quantized DNN Inference Engine Stacked on 96-MB 3-D SRAM Using Inductive Coupling Technology in 40-nm CMOS},
  author={ Ueyoshi, K.  and  Ando, K.  and  Hirose, K.  and  Takamaeda-Yamazaki, S.  and  Hamada, M.  and  Kuroda, T.  and  Motomura, M. },
  journal={IEEE Journal of Solid-State Circuits},
  volume={54},
  number={1},
  pages={186-196},
  year={2019},
}
@article{IEEE1971L,
  title={L. Chua, Memristor-The missing circuit element, Circuit Theory.},
  author={IEEE},
  year={1971},
}
@inproceedings{1978Systolic,
  title={Systolic arrays (for VLSI)},
  author={ Kung, H. },
  booktitle={Sparse Matrix Symposium},
  year={1978},
}
@article{2017Rotating,
  title={Rotating data for neural network computations},
  author={ Ross, J.  and  Thorson, G. M. },
  year={2017},
}
@misc{2016BATCH,
  title={BATCH PROCESSING IN A NEURAL NETWORK PROCESSOR},
  author={ Young, R. C. },
  year={2016},
}
@misc{0Computing,
  title={Computing convolutions using a neural network processor},
  author={ Ross, Jonathan  and  Phelps, Andrew Everett },
}

@book{2008SystemC,
  title={SystemC 入门},
  author={ Bhasker, J. },
  publisher={SystemC 入门},
  year={2008},
}
@article{SWZ20131553B,
  title={1553B总线远程终端的FPGA程序设计},
  author={单忠伟},
  journal={现代电子技术},
  volume={36},
  number={9},
  pages={3},
  year={2013},
}
@article{2010Real,
  title={Real time scheduling of messages on 1553B bus},
  author={ Zhao, C. Y.  and  Yan, C. X.  and  Yu, P. },
  journal={Optics and Precision Engineering},
  volume={18},
  number={3},
  pages={732-740},
  year={2010},
}
@inproceedings{2007ESL,
  title={ESL design and HW/SW co-verification of high-end software defined radio platforms},
  author={ Ng, Ach  and  Weijers, J. W.  and  Glassee, M.  and  Schuster, T.  and  Perre, Lvd },
  booktitle={IEEE/ACM/IFIP International Conference on Hardware/software Codesign & System Synthesis},
  year={2007},
}
@article{2009CMOS,
  title={CMOS图像传感器的研究进展},
  author={李继军 and 杜云刚 and 张丽华 and 刘全龙 and 陈建芮},
  journal={激光与光电子学进展},
  volume={46},
  number={4},
  year={2009},
}
